
   <marc:record>
      <marc:leader>     ccm a22        4500</marc:leader>
      <marc:controlfield tag="001">473861089</marc:controlfield>
      <marc:controlfield tag="003">DE-576</marc:controlfield>
      <marc:controlfield tag="005">20210618150848.0</marc:controlfield>
      <marc:controlfield tag="007">qu</marc:controlfield>
      <marc:controlfield tag="008">160711s1926    xx ||||| |||| ||| | ger c</marc:controlfield>
      <marc:datafield tag="035" ind1=" " ind2=" ">
         <marc:subfield code="a">(DE-627)1543861083</marc:subfield>
      </marc:datafield>
      <marc:datafield tag="035" ind1=" " ind2=" ">
         <marc:subfield code="a">(DE-576)473861089</marc:subfield>
      </marc:datafield>
      <marc:datafield tag="035" ind1=" " ind2=" ">
         <marc:subfield code="a">(DE-599)BSZ473861089</marc:subfield>
      </marc:datafield>
      <marc:datafield tag="035" ind1=" " ind2=" ">
         <marc:subfield code="a">(OCoLC)918369163</marc:subfield>
      </marc:datafield>
      <marc:datafield tag="040" ind1=" " ind2=" ">
         <marc:subfield code="a">DE-576</marc:subfield>
         <marc:subfield code="b">ger</marc:subfield>
         <marc:subfield code="c">DE-576</marc:subfield>
         <marc:subfield code="e">rda</marc:subfield>
      </marc:datafield>
      <marc:datafield tag="041" ind1=" " ind2=" ">
         <marc:subfield code="a">ger</marc:subfield>
      </marc:datafield>
      <marc:datafield tag="084" ind1=" " ind2=" ">
         <marc:subfield code="a">AP 82100</marc:subfield>
         <marc:subfield code="2">rvk</marc:subfield>
         <marc:subfield code="0">(DE-625)rvk/8002:</marc:subfield>
      </marc:datafield>
      <marc:datafield tag="245" ind1="1" ind2="0">
         <marc:subfield code="a">Geestländer Tänze</marc:subfield>
         <marc:subfield code="c">herausgegeben von Anna Helms und Julius Blasche ; Klaviersatz von Wilhelm Koehler-Wümbach</marc:subfield>
      </marc:datafield>
      <marc:datafield tag="250" ind1=" " ind2=" ">
         <marc:subfield code="a">2. Auflage</marc:subfield>
      </marc:datafield>
      <marc:datafield tag="264" ind1=" " ind2="1">
         <marc:subfield code="a">Leipzig; Berlin</marc:subfield>
         <marc:subfield code="b">B. G. Teubner</marc:subfield>
         <marc:subfield code="c">1926</marc:subfield>
      </marc:datafield>
      <marc:datafield tag="300" ind1=" " ind2=" ">
         <marc:subfield code="a">22 Seiten</marc:subfield>
      </marc:datafield>
      <marc:datafield tag="336" ind1=" " ind2=" ">
         <marc:subfield code="a">Noten</marc:subfield>
         <marc:subfield code="b">ntm</marc:subfield>
         <marc:subfield code="2">rdacontent</marc:subfield>
      </marc:datafield>
      <marc:datafield tag="337" ind1=" " ind2=" ">
         <marc:subfield code="a">ohne Hilfsmittel zu benutzen</marc:subfield>
         <marc:subfield code="b">n</marc:subfield>
         <marc:subfield code="2">rdamedia</marc:subfield>
      </marc:datafield>
      <marc:datafield tag="338" ind1=" " ind2=" ">
         <marc:subfield code="a">Band</marc:subfield>
         <marc:subfield code="b">nc</marc:subfield>
         <marc:subfield code="2">rdacarrier</marc:subfield>
      </marc:datafield>
      <marc:datafield tag="546" ind1=" " ind2=" ">
         <marc:subfield code="a">Fraktur</marc:subfield>
      </marc:datafield>
      <marc:datafield tag="583" ind1="1" ind2=" ">
         <marc:subfield code="a">Archivierung/Langzeitarchivierung geplant</marc:subfield>
         <marc:subfield code="c">20200919</marc:subfield>
         <marc:subfield code="f">DE-640</marc:subfield>
         <marc:subfield code="z">1</marc:subfield>
         <marc:subfield code="2">pdager</marc:subfield>
      </marc:datafield>
      <marc:datafield tag="700" ind1="1" ind2=" ">
         <marc:subfield code="a">Helms, Anna</marc:subfield>
         <marc:subfield code="d">1877-1963</marc:subfield>
         <marc:subfield code="e">HerausgeberIn</marc:subfield>
         <marc:subfield code="0">(DE-588)134774922</marc:subfield>
         <marc:subfield code="0">(DE-627)692669779</marc:subfield>
         <marc:subfield code="0">(DE-576)300458886</marc:subfield>
         <marc:subfield code="4">edt</marc:subfield>
      </marc:datafield>
      <marc:datafield tag="700" ind1="1" ind2=" ">
         <marc:subfield code="a">Blasche, Julius</marc:subfield>
         <marc:subfield code="d">1885-1932</marc:subfield>
         <marc:subfield code="e">HerausgeberIn</marc:subfield>
         <marc:subfield code="0">(DE-588)127996389</marc:subfield>
         <marc:subfield code="0">(DE-627)384325149</marc:subfield>
         <marc:subfield code="0">(DE-576)296811602</marc:subfield>
         <marc:subfield code="4">edt</marc:subfield>
      </marc:datafield>
      <marc:datafield tag="700" ind1="1" ind2=" ">
         <marc:subfield code="a">Köhler, Wilhelm</marc:subfield>
         <marc:subfield code="d">1858-1926</marc:subfield>
         <marc:subfield code="e">ArrangeurIn</marc:subfield>
         <marc:subfield code="0">(DE-588)137105568</marc:subfield>
         <marc:subfield code="0">(DE-627)58993158X</marc:subfield>
         <marc:subfield code="0">(DE-576)302146431</marc:subfield>
         <marc:subfield code="4">arr</marc:subfield>
      </marc:datafield>
      <marc:datafield tag="850" ind1=" " ind2=" ">
         <marc:subfield code="a">ab</marc:subfield>
      </marc:datafield>
      <marc:datafield tag="935" ind1=" " ind2=" ">
         <marc:subfield code="c">muno</marc:subfield>
      </marc:datafield>
      <marc:datafield tag="936" ind1="r" ind2="v">
         <marc:subfield code="a">AP 82100</marc:subfield>
         <marc:subfield code="b">Sammlungen, Diskotheken</marc:subfield>
         <marc:subfield code="k">Allgemeines</marc:subfield>
         <marc:subfield code="k">Medien- und Kommunikationswissenschaften, Kommunikationsdesign</marc:subfield>
         <marc:subfield code="k">Tanz</marc:subfield>
         <marc:subfield code="k">Nachschlagewerke, Allgemeine Darstellungen</marc:subfield>
         <marc:subfield code="k">Sammlungen, Diskotheken</marc:subfield>
         <marc:subfield code="0">(DE-627)1270693123</marc:subfield>
         <marc:subfield code="0">(DE-625)rvk/8002:</marc:subfield>
         <marc:subfield code="0">(DE-576)200693123</marc:subfield>
      </marc:datafield>
      <marc:datafield tag="951" ind1=" " ind2=" ">
         <marc:subfield code="a">BO</marc:subfield>
      </marc:datafield>
   </marc:record>