
   <marc:record>
      <marc:leader>     cam a22        4500</marc:leader>
      <marc:controlfield tag="001">47338244X</marc:controlfield>
      <marc:controlfield tag="003">DE-576</marc:controlfield>
      <marc:controlfield tag="005">20201204191516.0</marc:controlfield>
      <marc:controlfield tag="007">tu</marc:controlfield>
      <marc:controlfield tag="008">160705s1960    xx |||||      00| ||und c</marc:controlfield>
      <marc:datafield tag="035" ind1=" " ind2=" ">
         <marc:subfield code="a">(DE-627)1543382444</marc:subfield>
      </marc:datafield>
      <marc:datafield tag="035" ind1=" " ind2=" ">
         <marc:subfield code="a">(DE-576)47338244X</marc:subfield>
      </marc:datafield>
      <marc:datafield tag="035" ind1=" " ind2=" ">
         <marc:subfield code="a">(DE-599)BSZ47338244X</marc:subfield>
      </marc:datafield>
      <marc:datafield tag="035" ind1=" " ind2=" ">
         <marc:subfield code="a">(OCoLC)954957722</marc:subfield>
      </marc:datafield>
      <marc:datafield tag="040" ind1=" " ind2=" ">
         <marc:subfield code="a">DE-576</marc:subfield>
         <marc:subfield code="b">ger</marc:subfield>
         <marc:subfield code="c">DE-576</marc:subfield>
         <marc:subfield code="e">rakwb</marc:subfield>
      </marc:datafield>
      <marc:datafield tag="084" ind1=" " ind2=" ">
         <marc:subfield code="a">AP 88400</marc:subfield>
         <marc:subfield code="2">rvk</marc:subfield>
         <marc:subfield code="0">(DE-625)rvk/8108:</marc:subfield>
      </marc:datafield>
      <marc:datafield tag="100" ind1="1" ind2=" ">
         <marc:subfield code="a">Lange, Wilhelm</marc:subfield>
         <marc:subfield code="0">(DE-627)123190495X</marc:subfield>
         <marc:subfield code="0">(DE-576)161904955</marc:subfield>
         <marc:subfield code="4">aut</marc:subfield>
      </marc:datafield>
      <marc:datafield tag="245" ind1="1" ind2="0">
         <marc:subfield code="a">Theater in Oberhausen</marc:subfield>
         <marc:subfield code="b">1911 - 1960</marc:subfield>
         <marc:subfield code="c">Wilhelm Lange</marc:subfield>
      </marc:datafield>
      <marc:datafield tag="264" ind1=" " ind2="1">
         <marc:subfield code="a">Oberhausen</marc:subfield>
         <marc:subfield code="b">Storck</marc:subfield>
         <marc:subfield code="c">1960</marc:subfield>
      </marc:datafield>
      <marc:datafield tag="300" ind1=" " ind2=" ">
         <marc:subfield code="a">36 S.</marc:subfield>
      </marc:datafield>
      <marc:datafield tag="336" ind1=" " ind2=" ">
         <marc:subfield code="a">Text</marc:subfield>
         <marc:subfield code="b">txt</marc:subfield>
         <marc:subfield code="2">rdacontent</marc:subfield>
      </marc:datafield>
      <marc:datafield tag="337" ind1=" " ind2=" ">
         <marc:subfield code="a">ohne Hilfsmittel zu benutzen</marc:subfield>
         <marc:subfield code="b">n</marc:subfield>
         <marc:subfield code="2">rdamedia</marc:subfield>
      </marc:datafield>
      <marc:datafield tag="338" ind1=" " ind2=" ">
         <marc:subfield code="a">Band</marc:subfield>
         <marc:subfield code="b">nc</marc:subfield>
         <marc:subfield code="2">rdacarrier</marc:subfield>
      </marc:datafield>
      <marc:datafield tag="583" ind1="1" ind2=" ">
         <marc:subfield code="a">Archivierung/Langzeitarchivierung geplant</marc:subfield>
         <marc:subfield code="c">20200919</marc:subfield>
         <marc:subfield code="f">DE-640</marc:subfield>
         <marc:subfield code="z">1</marc:subfield>
         <marc:subfield code="2">pdager</marc:subfield>
      </marc:datafield>
      <marc:datafield tag="591" ind1=" " ind2=" ">
         <marc:subfield code="a">IMD-Felder und 1131 maschinell ergänzt (SWB)</marc:subfield>
      </marc:datafield>
      <marc:datafield tag="850" ind1=" " ind2=" ">
         <marc:subfield code="a">ab</marc:subfield>
      </marc:datafield>
      <marc:datafield tag="936" ind1="r" ind2="v">
         <marc:subfield code="a">AP 88400</marc:subfield>
         <marc:subfield code="b">Ballett in einzelnen Orten (CSN des Ortes)</marc:subfield>
         <marc:subfield code="k">Allgemeines</marc:subfield>
         <marc:subfield code="k">Medien- und Kommunikationswissenschaften, Kommunikationsdesign</marc:subfield>
         <marc:subfield code="k">Tanz</marc:subfield>
         <marc:subfield code="k">Ballett</marc:subfield>
         <marc:subfield code="k">Ballett in einzelnen Orten (CSN des Ortes)</marc:subfield>
         <marc:subfield code="0">(DE-627)1270694073</marc:subfield>
         <marc:subfield code="0">(DE-625)rvk/8108:</marc:subfield>
         <marc:subfield code="0">(DE-576)200694073</marc:subfield>
      </marc:datafield>
      <marc:datafield tag="951" ind1=" " ind2=" ">
         <marc:subfield code="a">BO</marc:subfield>
      </marc:datafield>
   </marc:record>