
   <marc:record>
      <marc:leader>     ccm a22        4500</marc:leader>
      <marc:controlfield tag="001">46969971X</marc:controlfield>
      <marc:controlfield tag="003">DE-576</marc:controlfield>
      <marc:controlfield tag="005">20160625100030.0</marc:controlfield>
      <marc:controlfield tag="007">qu</marc:controlfield>
      <marc:controlfield tag="008">160518s1934    au ||||| |||| ||| | ger c</marc:controlfield>
      <marc:datafield tag="035" ind1=" " ind2=" ">
         <marc:subfield code="a">(DE-627)1539699714</marc:subfield>
      </marc:datafield>
      <marc:datafield tag="035" ind1=" " ind2=" ">
         <marc:subfield code="a">(DE-576)46969971X</marc:subfield>
      </marc:datafield>
      <marc:datafield tag="035" ind1=" " ind2=" ">
         <marc:subfield code="a">(DE-599)BSZ46969971X</marc:subfield>
      </marc:datafield>
      <marc:datafield tag="035" ind1=" " ind2=" ">
         <marc:subfield code="a">(OCoLC)951126859</marc:subfield>
      </marc:datafield>
      <marc:datafield tag="040" ind1=" " ind2=" ">
         <marc:subfield code="a">DE-576</marc:subfield>
         <marc:subfield code="b">ger</marc:subfield>
         <marc:subfield code="c">DE-576</marc:subfield>
         <marc:subfield code="e">rda</marc:subfield>
      </marc:datafield>
      <marc:datafield tag="041" ind1=" " ind2=" ">
         <marc:subfield code="a">ger</marc:subfield>
      </marc:datafield>
      <marc:datafield tag="044" ind1=" " ind2=" ">
         <marc:subfield code="c">XA-AT</marc:subfield>
      </marc:datafield>
      <marc:datafield tag="084" ind1=" " ind2=" ">
         <marc:subfield code="a">AP 85420</marc:subfield>
         <marc:subfield code="2">rvk</marc:subfield>
         <marc:subfield code="0">(DE-625)rvk/8054:678</marc:subfield>
      </marc:datafield>
      <marc:datafield tag="245" ind1="1" ind2="0">
         <marc:subfield code="a">Wiener Musik</marc:subfield>
         <marc:subfield code="b">118 Wiener Lieder und Tänze : enthaltend: Schätze der Wiener Volksmusik aus alter und neuer Zeit unter dem Motto: "Wien und Wein"</marc:subfield>
         <marc:subfield code="c">herausgegeben von C. M. Ziehrer unter Mitwirkung von Rudolf Kronegger mit einem Vorwort von Vincenz Chiavacci</marc:subfield>
      </marc:datafield>
      <marc:datafield tag="246" ind1="3" ind2="3">
         <marc:subfield code="a">Goldene Wiener Musik$d100 Jahre Wienerlied</marc:subfield>
      </marc:datafield>
      <marc:datafield tag="264" ind1=" " ind2="1">
         <marc:subfield code="a">Wien</marc:subfield>
         <marc:subfield code="b">Franz Christ - Wiener Arion Verlag</marc:subfield>
         <marc:subfield code="c">1934</marc:subfield>
      </marc:datafield>
      <marc:datafield tag="300" ind1=" " ind2=" ">
         <marc:subfield code="a">160 Seiten</marc:subfield>
         <marc:subfield code="c">31 cm</marc:subfield>
      </marc:datafield>
      <marc:datafield tag="336" ind1=" " ind2=" ">
         <marc:subfield code="a">Noten</marc:subfield>
         <marc:subfield code="b">ntm</marc:subfield>
         <marc:subfield code="2">rdacontent</marc:subfield>
      </marc:datafield>
      <marc:datafield tag="337" ind1=" " ind2=" ">
         <marc:subfield code="a">ohne Hilfsmittel zu benutzen</marc:subfield>
         <marc:subfield code="b">n</marc:subfield>
         <marc:subfield code="2">rdamedia</marc:subfield>
      </marc:datafield>
      <marc:datafield tag="338" ind1=" " ind2=" ">
         <marc:subfield code="a">Band</marc:subfield>
         <marc:subfield code="b">nc</marc:subfield>
         <marc:subfield code="2">rdacarrier</marc:subfield>
      </marc:datafield>
      <marc:datafield tag="500" ind1=" " ind2=" ">
         <marc:subfield code="a">Auf dem Umschlag:  Goldene Wiener Musik, 100 Jahre Wienerlied</marc:subfield>
      </marc:datafield>
      <marc:datafield tag="505" ind1="8" ind2=" ">
         <marc:subfield code="a">Enth.: 1. Abt., Das Wienerlied der letzten 50 Jahre: A tulli Weinderl. Kinder san ma froh, daß ma g'sund san! / Ernst Arnold. Aschenlied. Brüderlein fein / J. Drechsler. Der Hergott muß ein Wiener sein / Engel-Berger. Weil mei Vater a Weana war, Wienerlied / F. Fiebrich. Kommt der Frühling, wie ein Märchen in die Wienerstadt / Karl Föderl. A anzigsmal allan / T. Frank. Das ist mein Wien, die Stadt der Lieder / Josef Hofmann. Wo a greans Kranzerl hängt / Franz Hohenberger. Weana-Poscha-Marsch / Emanuel Hornischer. Du holde kleine Müllerin, ein Wiener Walzerlied / Heinz Kawe. Das Drahn, das ist mein Leb'n / Ad. Kmoch. Auf ein paar Vierteln kommt's usn heut' net an! / Edwin Kölbl. Hobellied / Konradin Kreutzer. Die Stadt unserer Sehnsucht / Rudolf Kronegger. Du bist das Märchen meines Lebens / Alois Kutschera. O, das is guat. Lanner im Olymp / Josef Lanner. D'Weana Mad'ln, das san Engerln. Weana Schick und Weana Schan / Karl Lorens. Rund um Wien, der grünen Insel. Waldandacht / Heinrich Michalky. Wiener Raketen / Mühldräxler-Kölbl. Wo die wunderschöne blaue Donau fließt / Hanns Pekarek. Da spießt sa sich / Carl Reder. Weanalied, goldenes, brauchst dich net kränken / Andreas Schindlauer. Für mich leucht ka Sternderl / Josef Schindler. S'Herz von an echten Weana. Wien bleibt Wien / Johann Schrammel. Die Arten der Liebe / Johann Sioly. Das Glückerl / Robert Stolz. Es steht eine Bank im Schönbrunnerpark. Ja, ja der Wein is' guat / Heinrich Strecker. Laß ma's a wengl füri geh'n / Carl Weinstabl. A g'sunder Rausch tuat's a! / Ernst Wolf. Fliederlied / Bela Zerkowitz</marc:subfield>
      </marc:datafield>
      <marc:datafield tag="505" ind1="8" ind2=" ">
         <marc:subfield code="a">2. Abt., Wiener Walzermelodien: Ein Walzerabend bei Johann Strauß / Frz. Christ. Ein Blumenstrauß schöner Walzermelodien / Christ-Österreicher. 3. Abt., Altwiener Volksmelodien: Allerweil fidel (Wann i amoi stirb). Altes Fiakerlied. Brombeerlied. Heurigen-Gstanzeln. Der Weana geht net unter. Dem Jaga sei' Abschiedsg'sangel (von C. F. Umlauf). Die Gaudebuam (Deutschmeister-Marsch). Drei Winter, drei Summer. Drunt in Lichtental. Erbsienlied. Erzherzog Johann (Steirische Volksweise und Jodler). Galitziberglied. Gold und Silber lieb' ich sehr. Herr Jegerle. I' bitt' Herr Hauptmann. Im tiefen Keller sitz' ich hier. Kohlenbrenner-Lied (Der Raritätensammler). Laternenlied. Pfeifenkramerlied. Wann i von Wean wegga geh'! Gstanzeln: Allerweil a wengerl rauschi. Mei' Schatz is' a Schneider. Mir is's alles ans. Pompfunebres. Postillon (1860). Sagt er. Schnapper. Wer net guat geig'nen kann. 4. Abt., Fünfzig echte Weana-Tanz: Altberühmter Jodler-Tanz. Alter Wiener Tanz. Bertl-Tanz. Debiasi-Tanz. Erdberger-Tanz. Fiaker-G'sangeln. Heiligen Jean-Tanz. Jäger-Tanz. Löwinger Bauerntänze. Ottakringer Heurigen-Tanz. Polsterltanz. Post-Tanz. Schmutzer-Tanz. Schnapper-Tanz. Schnittling-Tanz. Schnofler-Tanz. Schwomma-Tanz. Solo-Tanz. Sperl-Tanz. Stelzmüller-Tanz. Täuberl-Tanz. Tempete, alte, neue</marc:subfield>
      </marc:datafield>
      <marc:datafield tag="700" ind1="1" ind2=" ">
         <marc:subfield code="a">Ziehrer, Carl Michael</marc:subfield>
         <marc:subfield code="d">1843-1922</marc:subfield>
         <marc:subfield code="e">HerausgeberIn</marc:subfield>
         <marc:subfield code="0">(DE-588)118636812</marc:subfield>
         <marc:subfield code="0">(DE-627)079424015</marc:subfield>
         <marc:subfield code="0">(DE-576)165667311</marc:subfield>
         <marc:subfield code="4">edt</marc:subfield>
      </marc:datafield>
      <marc:datafield tag="700" ind1="1" ind2=" ">
         <marc:subfield code="a">Kronegger, Rudolf</marc:subfield>
         <marc:subfield code="d">1875-1929</marc:subfield>
         <marc:subfield code="e">HerausgeberIn</marc:subfield>
         <marc:subfield code="0">(DE-588)121699145</marc:subfield>
         <marc:subfield code="0">(DE-627)081475489</marc:subfield>
         <marc:subfield code="0">(DE-576)21387802X</marc:subfield>
         <marc:subfield code="4">edt</marc:subfield>
      </marc:datafield>
      <marc:datafield tag="700" ind1="1" ind2=" ">
         <marc:subfield code="a">Chiavacci, Vinzenz</marc:subfield>
         <marc:subfield code="e">VerfasserIn eines Vorworts</marc:subfield>
         <marc:subfield code="0">(DE-627)1234526352</marc:subfield>
         <marc:subfield code="0">(DE-576)164526358</marc:subfield>
         <marc:subfield code="4">wpr</marc:subfield>
      </marc:datafield>
      <marc:datafield tag="935" ind1=" " ind2=" ">
         <marc:subfield code="c">muno</marc:subfield>
      </marc:datafield>
      <marc:datafield tag="936" ind1="r" ind2="v">
         <marc:subfield code="a">AP 85420</marc:subfield>
         <marc:subfield code="b">Österreich</marc:subfield>
         <marc:subfield code="k">Allgemeines</marc:subfield>
         <marc:subfield code="k">Medien- und Kommunikationswissenschaften, Kommunikationsdesign</marc:subfield>
         <marc:subfield code="k">Tanz</marc:subfield>
         <marc:subfield code="k">Volkstanz</marc:subfield>
         <marc:subfield code="k">Volkstänze in einzelnen Ländern</marc:subfield>
         <marc:subfield code="k">Europa</marc:subfield>
         <marc:subfield code="k">Mitteleuropa</marc:subfield>
         <marc:subfield code="k">Österreich</marc:subfield>
         <marc:subfield code="0">(DE-627)1272561461</marc:subfield>
         <marc:subfield code="0">(DE-625)rvk/8054:678</marc:subfield>
         <marc:subfield code="0">(DE-576)202561461</marc:subfield>
      </marc:datafield>
      <marc:datafield tag="951" ind1=" " ind2=" ">
         <marc:subfield code="a">BO</marc:subfield>
      </marc:datafield>
   </marc:record>