
   <marc:record>
      <marc:leader>     cam a22        4500</marc:leader>
      <marc:controlfield tag="001">469663014</marc:controlfield>
      <marc:controlfield tag="003">DE-576</marc:controlfield>
      <marc:controlfield tag="005">20160625100017.0</marc:controlfield>
      <marc:controlfield tag="007">tu</marc:controlfield>
      <marc:controlfield tag="008">160517s1935    gw |||||      00| ||ger c</marc:controlfield>
      <marc:datafield tag="035" ind1=" " ind2=" ">
         <marc:subfield code="a">(DE-627)1539663019</marc:subfield>
      </marc:datafield>
      <marc:datafield tag="035" ind1=" " ind2=" ">
         <marc:subfield code="a">(DE-576)469663014</marc:subfield>
      </marc:datafield>
      <marc:datafield tag="035" ind1=" " ind2=" ">
         <marc:subfield code="a">(DE-599)BSZ469663014</marc:subfield>
      </marc:datafield>
      <marc:datafield tag="035" ind1=" " ind2=" ">
         <marc:subfield code="a">(OCoLC)951125704</marc:subfield>
      </marc:datafield>
      <marc:datafield tag="040" ind1=" " ind2=" ">
         <marc:subfield code="a">DE-576</marc:subfield>
         <marc:subfield code="b">ger</marc:subfield>
         <marc:subfield code="c">DE-576</marc:subfield>
         <marc:subfield code="e">rda</marc:subfield>
      </marc:datafield>
      <marc:datafield tag="041" ind1=" " ind2=" ">
         <marc:subfield code="a">ger</marc:subfield>
      </marc:datafield>
      <marc:datafield tag="044" ind1=" " ind2=" ">
         <marc:subfield code="c">XA-DE</marc:subfield>
      </marc:datafield>
      <marc:datafield tag="084" ind1=" " ind2=" ">
         <marc:subfield code="a">LP 66050</marc:subfield>
         <marc:subfield code="2">rvk</marc:subfield>
         <marc:subfield code="0">(DE-625)rvk/107861:</marc:subfield>
      </marc:datafield>
      <marc:datafield tag="245" ind1="1" ind2="4">
         <marc:subfield code="a">Die Tänzerin Fanny Elssler</marc:subfield>
         <marc:subfield code="b">Operette in drei Akten : Text der Gesänge</marc:subfield>
         <marc:subfield code="c">von Hans Adler ; Musik von Johann Strauss ; Für die Bühne bearbeitet von Oskar Stalla</marc:subfield>
      </marc:datafield>
      <marc:datafield tag="264" ind1=" " ind2="1">
         <marc:subfield code="a">Leipzig</marc:subfield>
         <marc:subfield code="a">London</marc:subfield>
         <marc:subfield code="a">Bruxelles</marc:subfield>
         <marc:subfield code="b">Aug. Cranz</marc:subfield>
         <marc:subfield code="c">[1935]</marc:subfield>
      </marc:datafield>
      <marc:datafield tag="264" ind1=" " ind2="1">
         <marc:subfield code="a">Leipzig</marc:subfield>
         <marc:subfield code="a">Wien</marc:subfield>
         <marc:subfield code="a">Zürich</marc:subfield>
         <marc:subfield code="b">Josef Weinberger</marc:subfield>
         <marc:subfield code="c">[1935]</marc:subfield>
      </marc:datafield>
      <marc:datafield tag="264" ind1=" " ind2="4">
         <marc:subfield code="c">© 1935</marc:subfield>
      </marc:datafield>
      <marc:datafield tag="300" ind1=" " ind2=" ">
         <marc:subfield code="a">38 Seiten</marc:subfield>
      </marc:datafield>
      <marc:datafield tag="336" ind1=" " ind2=" ">
         <marc:subfield code="a">Text</marc:subfield>
         <marc:subfield code="b">txt</marc:subfield>
         <marc:subfield code="2">rdacontent</marc:subfield>
      </marc:datafield>
      <marc:datafield tag="337" ind1=" " ind2=" ">
         <marc:subfield code="a">ohne Hilfsmittel zu benutzen</marc:subfield>
         <marc:subfield code="b">n</marc:subfield>
         <marc:subfield code="2">rdamedia</marc:subfield>
      </marc:datafield>
      <marc:datafield tag="338" ind1=" " ind2=" ">
         <marc:subfield code="a">Band</marc:subfield>
         <marc:subfield code="b">nc</marc:subfield>
         <marc:subfield code="2">rdacarrier</marc:subfield>
      </marc:datafield>
      <marc:datafield tag="689" ind1="0" ind2="0">
         <marc:subfield code="D">p</marc:subfield>
         <marc:subfield code="0">(DE-588)118688863</marc:subfield>
         <marc:subfield code="0">(DE-627)079471269</marc:subfield>
         <marc:subfield code="0">(DE-576)209290978</marc:subfield>
         <marc:subfield code="a">Elßler, Fanny</marc:subfield>
         <marc:subfield code="d">1810-1884</marc:subfield>
         <marc:subfield code="2">gnd</marc:subfield>
      </marc:datafield>
      <marc:datafield tag="689" ind1="0" ind2=" ">
         <marc:subfield code="5">DE-101</marc:subfield>
      </marc:datafield>
      <marc:datafield tag="700" ind1="1" ind2=" ">
         <marc:subfield code="a">Strauss, Johann</marc:subfield>
         <marc:subfield code="d">1825-1899</marc:subfield>
         <marc:subfield code="e">KomponistIn</marc:subfield>
         <marc:subfield code="0">(DE-588)11861908X</marc:subfield>
         <marc:subfield code="0">(DE-627)134615204</marc:subfield>
         <marc:subfield code="0">(DE-576)163220743</marc:subfield>
         <marc:subfield code="4">cmp</marc:subfield>
      </marc:datafield>
      <marc:datafield tag="700" ind1="1" ind2=" ">
         <marc:subfield code="a">Adler, Hans</marc:subfield>
         <marc:subfield code="d">1880-1957</marc:subfield>
         <marc:subfield code="e">LibrettistIn</marc:subfield>
         <marc:subfield code="0">(DE-588)117762202</marc:subfield>
         <marc:subfield code="0">(DE-627)079177654</marc:subfield>
         <marc:subfield code="0">(DE-576)291655688</marc:subfield>
         <marc:subfield code="4">lbt</marc:subfield>
      </marc:datafield>
      <marc:datafield tag="700" ind1="1" ind2=" ">
         <marc:subfield code="a">Stalla, Oskar</marc:subfield>
         <marc:subfield code="d">1879-1953</marc:subfield>
         <marc:subfield code="e">MitwirkendeR</marc:subfield>
         <marc:subfield code="0">(DE-588)143405101</marc:subfield>
         <marc:subfield code="0">(DE-627)645151637</marc:subfield>
         <marc:subfield code="0">(DE-576)336884990</marc:subfield>
         <marc:subfield code="4">ctb</marc:subfield>
      </marc:datafield>
      <marc:datafield tag="936" ind1="r" ind2="v">
         <marc:subfield code="a">LP 66050</marc:subfield>
         <marc:subfield code="b">Strauß, Johann (Sohn)</marc:subfield>
         <marc:subfield code="k">Musikwissenschaft</marc:subfield>
         <marc:subfield code="k">I. Musica theoretica</marc:subfield>
         <marc:subfield code="k">Chronologischer Teil: Musica theoretica</marc:subfield>
         <marc:subfield code="k">19. Jahrhundert</marc:subfield>
         <marc:subfield code="k">Einzelne Persönlichkeiten:</marc:subfield>
         <marc:subfield code="k">Persönlichkeiten S</marc:subfield>
         <marc:subfield code="k">Strauß, Johann (Sohn)</marc:subfield>
         <marc:subfield code="0">(DE-627)1270824058</marc:subfield>
         <marc:subfield code="0">(DE-625)rvk/107861:</marc:subfield>
         <marc:subfield code="0">(DE-576)200824058</marc:subfield>
      </marc:datafield>
      <marc:datafield tag="951" ind1=" " ind2=" ">
         <marc:subfield code="a">BO</marc:subfield>
      </marc:datafield>
   </marc:record>